<record><leader>00000cas a22000007a 4500</leader><controlfield tag="001">17591598</controlfield><controlfield tag="008">880307d18921893iauwr ne      0    0eng d</controlfield><datafield ind1=" " ind2=" " tag="010"><subfield code="a">sn 88059508 </subfield></datafield><datafield ind1=" " ind2=" " tag="040"><subfield code="a">INP</subfield><subfield code="b">eng</subfield><subfield code="c">INP</subfield><subfield code="d">OCLCQ</subfield></datafield><datafield ind1=" " ind2=" " tag="042"><subfield code="a">msc</subfield></datafield><datafield ind1="0" ind2="0" tag="245"><subfield code="a">La Porte City register.</subfield></datafield><datafield ind1=" " ind2=" " tag="260"><subfield code="a">La Porte City, Iowa :</subfield><subfield code="b">La Porte City Pub. Co.,</subfield><subfield code="c">-1893.</subfield></datafield><datafield ind1=" " ind2=" " tag="300"><subfield code="a">v.</subfield></datafield><datafield ind1=" " ind2=" " tag="310"><subfield code="a">Weekly</subfield></datafield><datafield ind1="1" ind2=" " tag="362"><subfield code="a">Began in 1892.</subfield></datafield><datafield ind1="0" ind2=" " tag="362"><subfield code="a">-v. 23, no. 40 (Sept. 23, 1893).</subfield></datafield><datafield ind1=" " ind2=" " tag="588"><subfield code="a">Description based on: Vol. 23, no. 3 (Jan. 7, 1893).</subfield></datafield><datafield ind1=" " ind2=" " tag="752"><subfield code="a">United States</subfield><subfield code="b">Iowa</subfield><subfield code="c">Black Hawk</subfield><subfield code="d">La Porte City.</subfield></datafield><datafield ind1="0" ind2="4" tag="780"><subfield code="t">Porte City review</subfield><subfield code="w">(DLC)sn 88059509</subfield></datafield><datafield ind1="0" ind2="4" tag="780"><subfield code="t">Porte City progress</subfield><subfield code="w">(DLC)sn 84027191</subfield></datafield><datafield ind1="0" ind2="0" tag="785"><subfield code="t">Progress-review (La Porte City, Iowa)</subfield><subfield code="w">(DLC)sn 88059510</subfield></datafield></record>